@article{H2016,
  title={Predicting Vaccination Uptake using Web Search Queries},
  author={Niels Dalum Hansen and Christina Lioma and Kaare Molbak},
  journal={in press},
  year={2016},
}
@misc{trends,
  author = {Google.com},
  title = {Google Trends},
  howpublished = {\url{https://support.google.com/trends/answer/www.google.com/trends}},
  note = {Accessed: 2016-02-06}
}
@misc{pytrends,
  author = {GeneralMills},
  title = {PyTrends},
  howpublished = {\url{https://github.com/GeneralMills/pytrends}},
  note = {Accessed: 2016-02-06}
}
@article{scikit,
 title={Scikit-learn: Machine Learning in {P}ython},
 author={Pedregosa, F. and Varoquaux, G. and Gramfort, A. and Michel, V.
         and Thirion, B. and Grisel, O. and Blondel, M. and Prettenhofer, P.
         and Weiss, R. and Dubourg, V. and Vanderplas, J. and Passos, A. and
         Cournapeau, D. and Brucher, M. and Perrot, M. and Duchesnay, E.},
 journal={Journal of Machine Learning Research},
 volume={12},
 pages={2825--2830},
 year={2011}
}

@article{numpy,
 title={The NumPy Array: A Structure for Efficient Numerical Computation},
 author={Stéfan van der Walt, S. Chris Colbert and Gaël Varoquaux},
 journal={Computing in Science \& Engineering},
 volume={13},
 pages={22--23},
 year={2011}
}
