@article{scikit,
 title={Scikit-learn: Machine Learning in {P}ython},
 author={Pedregosa, F. and Varoquaux, G. and Gramfort, A. and Michel, V.
         and Thirion, B. and Grisel, O. and Blondel, M. and Prettenhofer, P.
         and Weiss, R. and Dubourg, V. and Vanderplas, J. and Passos, A. and
         Cournapeau, D. and Brucher, M. and Perrot, M. and Duchesnay, E.},
 journal={Journal of Machine Learning Research},
 volume={12},
 pages={2825--2830},
 year={2011}
}

@article{numpy,
 title={The NumPy Array: A Structure for Efficient Numerical Computation},
 author={Stéfan van der Walt, S. Chris Colbert and Gaël Varoquaux},
 journal={Computing in Science \& Engineering},
 volume={13},
 pages={22--23},
 year={2011}
}

@inproceedings{stanford,
  title={Recursive deep models for semantic compositionality over a sentiment treebank},
  author={Socher, Richard and Perelygin, Alex and Wu, Jean Y and Chuang, Jason and Manning, Christopher D and Ng, Andrew Y and Potts, Christopher},
  booktitle={Proceedings of the conference on empirical methods in natural language processing (EMNLP)},
  volume={1631},
  pages={1642},
  year={2013},
  organization={Citeseer}
}

@book{reading,
  author={Bing  Liu.},
  title={Sentiment  Analysis  and  Opinion  Mining},
  publisher={Morgan  \& Claypool Publishers},
  year={2012},
  month={May}
}

@inproceedings{lex,
  title={Recognizing contextual polarity in phrase-level sentiment analysis},
  author={Wilson, Theresa and Wiebe, Janyce and Hoffmann, Paul},
  booktitle={Proceedings of the conference on human language technology and empirical methods in natural language processing},
  pages={347--354},
  year={2005},
  organization={Association for Computational Linguistics}
}
@misc{stanfnlp,
  title = {The Stanford Natural Language Processing Group},
  howpublished = {\url{http://nlp.stanford.edu/}},
  note = {Accessed: 2016-03-19}
}
@misc{mpqa,
  title = {Multi-Perspective Question Answering},
  howpublished = {\url{http://mpqa.cs.pitt.edu/}},
  note = {Accessed: 2016-03-19}
}


